%=================================================================================
%
% INSO - Industrial Software
%
% Author: Stefan Taber
% Date: 04.03.2011
%=================================================================================
% README
%=================================================================================
%
% Literature database. If you don't want to manually write BibTeX-Files we
% recommend to use JabRef to manage the BibTeX file.
%
% Nameconvention:
%---------------------------------------------------------------------------------
%
% Key: <first-author>:<year>:<title>
% Author: <lastname>, <first name(s)> [and <lastname>, <first name(s)>]*
%
% Example:
%---------------------------------------------------------------------------------
%
% INBOOK{fankhauser:2009:softwaretechnik-security,
%   chapter = {13},
%   pages = {589--646},
%   title = {Softwaretechnik - Mit Fallbeispielen aus realen Entwicklungsprojekten},
%   publisher = {Pearson Studium},
%   year = {2009},
%   author = {Fankhauser, Florian and Schanes, Christian and Brem, Christian},
%   address = {M{\"u}nchen},
%   edition = {1},
%   bibsource = {esse},
%   url = {http://www.inso.tuwien.ac.at/publications/softwaretechnik/},
%   urldate = {2017-01-16}
% }
%
%=================================================================================

%TODO Please insert your literature afterwards:

@INBOOK{fankhauser:2009:softwaretechnik-security,
  chapter = {13},
  pages = {589--646},
  title = {Softwaretechnik - Mit Fallbeispielen aus realen Entwicklungsprojekten},
  publisher = {Pearson Studium},
  year = {2009},
  author = {Fankhauser, Florian and Schanes, Christian and Brem, Christian},
  address = {M{\"u}nchen},
  edition = {1},
  bibsource = {esse},
  url = {http://www.inso.tuwien.ac.at/publications/softwaretechnik/},
  urldate = {2017-01-16}

}

@inproceedings{Aumasson:2013:BLAKE2,
 author = {Aumasson, Jean-Philippe and Neves, Samuel and Wilcox-O'Hearn, Zooko and Winnerlein, Christian},
 title = {BLAKE2: Simpler, Smaller, Fast As MD5},
 booktitle = {Proceedings of the 11th International Conference on Applied Cryptography and Network Security},
 series = {ACNS'13},
 year = {2013},
 isbn = {978-3-642-38979-5},
 location = {Banff, AB, Canada},
 pages = {119--135},
 numpages = {17},
 url = {http://dx.doi.org/10.1007/978-3-642-38980-1_8},
 doi = {10.1007/978-3-642-38980-1_8},
 acmid = {2524534},
 publisher = {Springer-Verlag},
 address = {Berlin, Heidelberg},
}

@ARTICLE{Andrade:2016:Lyra2,
author={E. R. Andrade and M. A. Simplicio and P. S. L. M. Barreto and P. C. F. d. Santos},
journal={IEEE Transactions on Computers},
title={Lyra2: Efficient Password Hashing with High Security against Time-Memory Trade-Offs},
year={2016},
volume={65},
number={10},
pages={3096-3108},
keywords={cryptography;graphics processing units;GPU;Lyra2 algorithm;PHS;attack venues;brute force password-guessing;cryptographic sponges;memory cost;password hashing scheme;processing cost;security level;time-memory trade-offs;Authentication;Cryptography;Hardware;Memory management;Random access memory;Password hashing;cryptographic sponges},
doi={10.1109/TC.2016.2516011},
ISSN={0018-9340},
month={Oct},
}

@misc{cryptoeprint:2015:265,
    author = {George Hatzivasilis and Ioannis Papaefstathiou and Charalampos Manifavas},
    title = {Password Hashing Competition - Survey and Benchmark},
    howpublished = {Cryptology ePrint Archive, Report 2015/265},
    year = {2015},
    note = {\url{http://eprint.iacr.org/2015/265}},
}

@misc{percival:2009:scrypt,
author={Colin Percival},
title={Stronger Key Derivation via Sequential Memory-Hard Functions},
howpublished={BSFCan09},
year={2009},
note={\url{https://www.tarsnap.com/scrypt/scrypt.pdf}}
}

@techreport{moriarty2017pkcs,
  title={PKCS\# 5: Password-Based Cryptography Specification Version 2.1},
  author={Moriarty, K and Kaliski, B and Rusch, A},
  year={2017},
  note={\url{https://tools.ietf.org/html/rfc8018}}
}

@inproceedings{provos1999future,
  title={A Future-Adaptable Password Scheme.},
  author={Provos, Niels and Mazieres, David},
  year={1999},
  note={\url{https://www.usenix.org/legacy/events/usenix99/full_papers/provos/provos.pdf}}
}

@article{orman2013twelve,
  title={Twelve Random Characters: Passwords in the Era of Massive Parallelism},
  author={Orman, Hilarie},
  journal={IEEE Internet Computing},
  volume={17},
  number={5},
  pages={91--94},
  year={2013},
  publisher={IEEE}
}

@inproceedings{biryukov2016argon2,
  title={Argon2: new generation of memory-hard functions for password hashing and other applications},
  author={Biryukov, Alex and Dinu, Daniel and Khovratovich, Dmitry},
  booktitle={Security and Privacy (EuroS\&P), 2016 IEEE European Symposium on},
  pages={292--302},
  year={2016},
  organization={IEEE}
}

@techreport{forler2013catena,
  title={Catena: A memory-consuming password-scrambling framework},
  author={Forler, Christian and Lucks, Stefan and Wenzel, Jakob},
  year={2013},
  institution={Citeseer}
}

@techreport{peslyak2015yescrypt,
  title={},
  author={exander Peslyak},
  year={2015},
  note={\url{https://password-hashing.net/submissions/specs/yescrypt-v2.pdf}}
}

@misc{pornin2015makwa,
  title={The Makwa password hashing function},
  author={Pornin, Thomas},
  year={2015},
  note={\url{http://www.bolet.org/makwa/makwa-spec-20150422.pdf}}
}

@article{chang2015performance,
  title={Performance Analysis of Some Password Hashing Schemes.},
  author={Chang, Donghoon and Jati, Arpan and Mishra, Sweta and Sanadhya, Somitra Kumar},
  journal={IACR Cryptology ePrint Archive},
  volume={2015},
  pages={139},
  year={2015},
  note={\url{http://ai2-s2-pdfs.s3.amazonaws.com/9ee2/aacb6aa8eb102503a2cfc840ced5db893777.pdf}}
}
